@book{duda:1,
    title={Pattern Classification},
    author={Richard O. Duda Peter E. Hart David G. Stork},
    isbn={9788126511167},
    year={2006},
    publisher={Wiley},
    keywords = {pattern-classification, bayes-classifier}
}